<?xml version="1.0" encoding="UTF-8"?><record xmlns="http://www.loc.gov/MARC21/slim" xmlns:cinclude="http://apache.org/cocoon/include/1.0" xmlns:zs="http://www.loc.gov/zing/srw/">
  <leader>00701nz  a2200157n  4500</leader>
  <controlfield tag="001">no2008182457</controlfield>
  <controlfield tag="003">DLC</controlfield>
  <controlfield tag="005">20081212082119.0</controlfield>
  <controlfield tag="008">081210n| acannaabn          |a aaa     c</controlfield>
  <datafield tag="010" ind1=" " ind2=" ">
    <subfield code="a">no2008182457</subfield>
  </datafield>
  <datafield tag="035" ind1=" " ind2=" ">
    <subfield code="a">(OCoLC)oca07961328</subfield>
  </datafield>
  <datafield tag="040" ind1=" " ind2=" ">
    <subfield code="a">WaBeW</subfield>
    <subfield code="b">eng</subfield>
    <subfield code="c">WaBeW</subfield>
  </datafield>
  <datafield tag="100" ind1="1" ind2=" ">
    <subfield code="a">Dzhalaeva, A. M.</subfield>
    <subfield code="q">(Avgusta Mandzhievna)</subfield>
  </datafield>
  <datafield tag="400" ind1="1" ind2=" ">
    <subfield code="a">Dzhalaeva, Avgusta Mandzhievna</subfield>
  </datafield>
  <datafield tag="670" ind1=" " ind2=" ">
    <subfield code="a">Материалы по истории калмыцкого народа за период пребывания в пределах России, 2007:</subfield>
    <subfield code="b">verso t.p. (А.М. Джалаева)</subfield>
  </datafield>
  <datafield tag="670" ind1=" " ind2=" ">
    <subfield code="a">Materialy po istorii kalmyt︠s︡kogo naroda za period prebyvanii︠a︡ v predelakh Rossii, 2007:</subfield>
    <subfield code="b">verso t.p. (A.M. Dzhalaeva)</subfield>
  </datafield>
</record>